@misc{om2mipesample, 
	title={OM2M/one/IPE Sample}, 
    url={http://wiki.eclipse.org/OM2M/one/IPE_Sample}, 
    journal={OM2M/one/IPE Sample - Eclipsepedia}
}

@misc{om2mdeveloper, 
	title={OM2M/one/Developer}, 
    url={http://wiki.eclipse.org/OM2M/one/Developer}, 
    journal={OM2M/one/Developer - Eclipsepedia}
}

@article{chen2014constrained,
  title={Constrained application protocol for internet of things},
  author={Chen, Xi},
  journal={URL: https://www. cse. wustl. edu/\~{} jain/cse574-14/ftp/coap},
  year={2014}
}

@misc{onem2mhome, title={Increasing IoT value through open standards to be discussed in upcoming oneM2M webinar}, url={http://onem2m.org/}, journal={oneM2M - Home}}


@techreport{oneM2M2016OneM2Minter,
    title = {{oneM2M TECHNICAL SPECIFICATION - Interoperability Testing}},
    year = {2016},
    author = {{oneM2M}},
    url = {http://onem2m.org/images/files/deliverables/TS-0013-Interoperability_Testing-V1_0_0.pdf},
    institution = {oneM2M}
}

@techreport{oneM2M2016OneM2Mservicelayer,
    title = {{oneM2M TECHNICAL SPECIFICATION - 	Service Layer Core Protocol}},
    year = {2016},
    author = {{oneM2M}},
    institution = {oneM2M}
}
