@article{LernerTheBeyond,
    title = {{The Economics of Technology Sharing: Open Source and Beyond}},
    author = {Lerner, Josh and Tirole, Jean},
    url = {https://pubs.aeaweb.org/doi/pdfplus/10.1257/0895330054048678}
}

@misc{oneM2M2017OneM2MChain,
    title = {{oneM2M - Open standards are key to increasing value from IoT value chain}},
    year = {2017},
    author = {{oneM2M}},
    url = {http://onem2m.org/news-events/news/167-open-standards-are-key-to-increasing-value-from-iot-value-chain}
}

@techreport{InterDigital2016OneTRANSPORT:Today,
    title = {{oneTRANSPORT: Who We are Today{\ldots}}},
    year = {2016},
    author = {{InterDigital}},
    editor = {{Interdigital}},
    publisher = {Interdigital},
    url = {http://interdigital.com/download/56d5c75ae26228c7b700189c},
    institution = {Mobile World Congress},
    address = {Delaware, United States},
    keywords = {11 partners – 2-­‐ year project {\pounds}3 5m, Analytics, Data providers /, Expert, Platform, Provider, Sensors /, Total funding, Transport, Use case owners}
}

@misc{oneM2M.org2017OneM2MProjects,
    title = {{oneM2M - Open Source Projects}},
    year = {2017},
    author = {{oneM2M.org}},
    url = {http://www.onem2m.org/developers-corner/tools/open-source-projects}
}

@misc{LeanEnterpriseInstituteLeanMethodology,
    title = {{LeanMethodology}},
    author = {{Lean Enterprise Institute}},
    url = {https://lean.org/WhatsLean/}
}

@techreport{InterDigital2017InterDigitalFACTS,
    title = {{InterDigital Data Sheet KEY FACTS}},
    year = {2017},
    author = {{InterDigital}},
    url = {http://interdigital.com/download/59ee1423cd829ee365003f3b},
    institution = {InterDigital},
    address = {Wilmington, Delaware}
}

@techreport{oneM2M2016OneM2MArchitecture,
    title = {{oneM2M TECHNICAL SPECIFICATION - Functional Architecture}},
    year = {2016},
    author = {{oneM2M}},
    url = {http://onem2m.org/images/files/deliverables/Release2/TS-0001-%20Functional_Architecture-V2_10_0.pdf},
    institution = {oneM2M}
}

@techreport{oneM2M2016OneM2MBinding,
    title = {{oneM2M TECHNICAL SPECIFICATION - MQTT Protocol Binding}},
    year = {2016},
    author = {{oneM2M}},
    url = {http://onem2m.org/images/files/deliverables/Release2/TS-0010-MQTT%20Protocol%20Binding-V2_4_1.pdf},
    institution = {oneM2M}
}

@inproceedings{Zhi-KaiZhang2014IoTOpportunities,
    title = {{IoT Security: Ongoing Challenges and Research Opportunities}},
    year = {2014},
    booktitle = {7th International Conference on Service-Oriented Computing and Applications},
    author = {{Zhi-Kai Zhang}},
    pages = {230--234},
    publisher = {IEEE},
    url = {http://ieeexplore.ieee.org/stamp/stamp.jsp?tp=&arnumber=6978614},
    address = {Hsinchu, Taiwan}
}

@misc{oneTRANSPORTTheMarketplace,
    title = {{The oneTRANSPORT Data Marketplace}},
    author = {{oneTRANSPORT}},
    url = {https://onetransport.io/}
}

@techreport{oneM2M2015OneM2MBinding,
    title = {{oneM2M TECHNICAL SPECIFICATION - CoAP Protocol Binding}},
    year = {2015},
    author = {{oneM2M}},
    url = {http://onem2m.org/images/files/deliverables/TS-0008-CoAP_Protocol_Binding-V1_0_1.pdf},
    institution = {oneM2M}
}

@techreport{oneM2M2016OneM2MBindingb,
    title = {{oneM2M TECHNICAL SPECIFICATION - HTTP Protocol Binding}},
    year = {2016},
    author = {{oneM2M}},
    url = {http://onem2m.org/images/files/deliverables/Release2/TS-0009-HTTP_Protocol_Binding-V2_6_1.pdf},
    institution = {oneM2M}
}

@techreport{MichaelKirwan2013VideoNetwork.,
    title = {{Video Streaming for Personal Connected Health: Enable efficient streaming of two-way video over wireless network.}},
    year = {2013},
    author = {{Michael Kirwan}},
    institution = {oneM2M}
}

@misc{KETI2018OCEAN,
    title = {{OCEAN}},
    year = {2018},
    author = {{KETI}},
    url = {http://iotocean.org}
}

@misc{OpenDayLightIoTDMProject,
    title = {{IoTDM Overview - OpenDaylight Project}},
    booktitle = {OpenDayLight},
    author = {{OpenDayLight}},
    url = {https://wiki.opendaylight.org/view/IoTDM_Overview}
}

@misc{EclipseFoundation2015EclipseCommunication,
    title = {{Eclipse OM2M - Open Source platform for M2M communication}},
    year = {2015},
    booktitle = {Eclipse Foundation},
    author = {{Eclipse Foundation}},
    url = {https://eclipse.org/om2m}
}

@misc{ATIS2018OneM2MATIS,
    title = {{oneM2M | ATIS}},
    year = {2018},
    booktitle = {ATIS},
    author = {{ATIS}},
    url = {http://atis.org/01_strat_init/onem2m}
}

@misc{iotoasis2017Iotoasis/SIIntegration,
    title = {{iotoasis/SI - Service Integration}},
    year = {2017},
    booktitle = {Github},
    author = {{iotoasis}},
    url = {https://github.com/iotoasis/SI}
}

@misc{OpenMTC2017OpenMTC,
    title = {{OpenMTC}},
    year = {2017},
    booktitle = {OpenMTC},
    author = {{OpenMTC}},
    url = {http://openmtc.org}
}

@misc{Eclipse2018OM2M/one/WebEclipsepedia,
    title = {{OM2M/one/Web Interface - Eclipsepedia}},
    year = {2018},
    booktitle = {Eclipse Wiki},
    author = {{Eclipse}},
    url = {https://wiki.eclipse.org/OM2M/one/Web_Interface}
}

@article{2017ProductAction,
    title = {{Product Change Notification Customer Impact of Change and Recommended Action}},
    year = {2017}
}

@misc{RaspberryPiFoundation2017SenseHAT,
    title = {{Sense HAT}},
    year = {2017},
    booktitle = {Python Hosted},
    author = {{Raspberry Pi Foundation}},
    url = {https://pythonhosted.org/sense-hat}
}

@misc{UniversityofSouthampton2017VMService,
    title = {{VM Self Service}},
    year = {2017},
    booktitle = {University of Southampton},
    author = {{University of Southampton}},
    url = {https://selfservice.ecs.soton.ac.uk}
}

@misc{Github2018StudentPack,
    title = {{Student Developer Pack}},
    year = {2018},
    booktitle = {Github},
    author = {{Github}},
    url = {https://education.github.com}
}

@misc{OpenVPN2018OpenVPNVPN,
    title = {{OpenVPN - Open Source VPN}},
    year = {2018},
    booktitle = {OpenVPN},
    author = {{OpenVPN}},
    url = {https://openvpn.net}
}

@misc{H22017H2Engine,
    title = {{H2 Database Engine}},
    year = {2017},
    author = {{H2}},
    url = {http://h2database.com/html/main.html}
}

@misc{Grafana2018GrafanaMonitoring,
    title = {{Grafana - The open platform for analytics and monitoring}},
    year = {2018},
    booktitle = {Grafana},
    author = {{Grafana}},
    url = {https://grafana.com}
}

@misc{Graphite2018Graphite,
    title = {{Graphite}},
    year = {2018},
    booktitle = {Graphite},
    author = {{Graphite}},
    url = {https://graphiteapp.org}
}

@article{XiChen2014ConstrainedThings,
    title = {{Constrained application protocol for internet of things}},
    year = {2014},
    author = {{Xi Chen}},
    pages = {4},
    url = {https://www.cse.wustl.edu/~jain/cse574-14/ftp/coap.pdf}
}

@misc{ArchLinuxCommunity2018DiskArchWiki,
    title = {{Disk cloning - ArchWiki}},
    year = {2018},
    booktitle = {ArchWiki},
    author = {{ArchLinux Community}},
    url = {https://wiki.archlinux.org/index.php/Disk_cloning}
}